@book{example_book_2023,
  author    = {Nom, Prénom},
  title     = {Titre du livre},
  publisher = {Éditeur},
  year      = {2023}
}

@article{example_article_2023,
  author  = {Auteur, Premier and Auteur, Deuxième},
  title   = {Titre de l'article},
  journal = {Nom de la revue},
  year    = {2023},
  volume  = {10},
  pages   = {123--145}
}

@inproceedings{example_conference_2023,
  author    = {Présentateur, Nom},
  title     = {Titre de la présentation},
  booktitle = {Actes de la conférence},
  year      = {2023},
  pages     = {45--50}
}

@misc{example_website_2023,
  author       = {Auteur Web},
  title        = {Titre de la page web},
  howpublished = {\url{https://www.example.com}},
  year         = {2023}
}